@article{khan2013mobile,
  title={Mobile phone sensing systems: A survey},
  author={Khan, Wazir Zada and Xiang, Yang and Aalsalem, Mohammed Y and Arshad, Quratulain},
  journal={IEEE Communications Surveys \& Tutorials},
  volume={15},
  number={1},
  pages={402--427},
  year={2013}
}

@article{liu2015smartphone,
  title={Smartphone Privacy in Mobile Computing: Issues, Methods and Systems},
  author={Liu, Rui and Cao, Jiannong and Yang, Lei},
  journal={DBSJ journal},
  volume={13},
  number={1},
  pages={1--13},
  year={2015},
  publisher={The Database Society of Japan}
}

@inproceedings{liu2015priwe,
  title={PriWe: Recommendation for Privacy Settings of Mobile Apps Based on Crowdsourced Users' Expectations},
  author={Liu, Rui and Cao, Jiannong and Yang, Lei and Zhang, Kehuan},
  booktitle={2015 IEEE International Conference on Mobile Services (MS)},
  pages={150--157},
  year={2015}
}

@article{estrin2010participatory,
  title={Participatory sensing: applications and architecture [internet predictions]},
  author={Estrin, Deborah},
  journal={Internet Computing, IEEE},
  volume={14},
  number={1},
  pages={12--42},
  year={2010},
  publisher={IEEE}
}

@article{tangmunarunkit2015ohmage,
  title={Ohmage: A General and Extensible End-to-End Participatory Sensing Platform},
  author={Tangmunarunkit, H and Hsieh, CK and Longstaff, B and Nolen, S and Jenkins, J and Ketcham, C and Selsky, J and Alquaddoomi, F and George, D and Kang, J and others},
  journal={ACM Transactions on Intelligent Systems and Technology (TIST)},
  volume={6},
  number={3},
  pages={38},
  year={2015},
  publisher={ACM}
}

@inproceedings{kawajiri2014steered,
  title={Steered crowdsensing: incentive design towards quality-oriented place-centric crowdsensing},
  author={Kawajiri, Ryoma and Shimosaka, Masamichi and Kahima, Hisashi},
  booktitle={Proceedings of the 2014 ACM International Joint Conference on Pervasive and Ubiquitous Computing},
  pages={691--701},
  year={2014},
  organization={ACM}
}

@inproceedings{chen2014privacy,
  title={Privacy-preserving high-quality map generation with participatory sensing},
  author={Chen, Xi and Wu, Xiaopei and Li, Xiang-Yang and He, Yuan and Liu, Yunhao},
  booktitle={2014 Proceedings IEEE INFOCOM},
  pages={2310--2318},
  year={2014},
}

@article{forrest2013enhancing,
  title={Enhancing Privacy in Participatory Sensing Applications with Multidimensional Data},
  author={Forrest, Stephanie and He, Wenbo and Groat, Michael and Edwards, Benjamin and Horey, James L},
  journal={Pervasive and Mobile Computing},
  volume={9},
  number={3},
  year={2013},
  publisher={Oak Ridge National Laboratory (ORNL)}
}

@inproceedings{cao2015mobile,
  title={Mobile Data Collection Frameworks: A Survey},
  author={Cao, Paul Y and Li, Gang and Chen, Guoxing and Chen, Biao},
  booktitle={Proceedings of the 2015 Workshop on Mobile Big Data},
  pages={25--30},
  year={2015},
  organization={ACM}
}

@misc{mostabused,
  title = {12 {M}ost {A}bused {A}ndroid {A}pp {P}ermissions.},
  howpublished = {\url{http://about-threats.trendmicro.com/us/library/image-gallery/12-most-abused-android-app-permissions}},
  year={2013}
}

@inproceedings{groat2012enhancing, 
author={Groat, M.M. and Edwards, B. and Horey, J. and Wenbo He and Forrest, S.}, 
booktitle={2012 IEEE International Conference on Pervasive Computing and Communications (PerCom)}, 
title={Enhancing privacy in participatory sensing applications with multidimensional data}, 
year={2012}, 
pages={144-152}, 
month={March}
}

@inproceedings{christin2011privacy, 
author={Christin, D. and Guillemet, J. and Reinhardt, A. and Hollick, M. and Kanhere, S.S.}, 
booktitle={2011 IEEE 8th International Conference on Mobile Adhoc and Sensor Systems (MASS)}, 
title={Privacy-Preserving Collaborative Path Hiding for Participatory Sensing Applications}, 
year={2011}, 
pages={341-350}, 
month={Oct}
}

@article{yao1995measuring,
  title={Measuring retrieval effectiveness based on user preference of documents},
  author={Yao, YY},
  journal={JASIS},
  volume={46},
  number={2},
  pages={133--145},
  year={1995}
}


@incollection{freudiger2012evaluating,
  title={Evaluating the privacy risk of location-based services},
  author={Freudiger, Julien and Shokri, Reza and Hubaux, Jean-Pierre},
  booktitle={Financial Cryptography and Data Security},
  pages={31--46},
  year={2012},
  publisher={Springer}
}


@inproceedings{ganti2010greengps,
  title={GreenGPS: a participatory sensing fuel-efficient maps application},
  author={Ganti, Raghu K and Pham, Nam and Ahmadi, Hossein and Nangia, Saurabh and Abdelzaher, Tarek F},
  booktitle={Proceedings of the 8th international conference on Mobile systems, applications, and services},
  pages={151--164},
  year={2010},
  organization={ACM}
}

@inproceedings{braunstein2011indirect,
 author = {Braunstein, Alex and Granka, Laura and Staddon, Jessica},
 title = {Indirect Content Privacy Surveys: Measuring Privacy Without Asking About It},
 booktitle = {Proceedings of the Seventh Symposium on Usable Privacy and Security (SOUPS)},
 year = {2011},
 isbn = {978-1-4503-0911-0},
 location = {Pittsburgh, Pennsylvania},
 pages = {15:1--15:14}
}

@inproceedings{page2013measuring,
 author = {Page, Xinru and Tang, Karen and Stutzman, Fred and Lampinen, Airi},
 title = {Measuring Networked Social Privacy},
 booktitle = {Proceedings of the Conference on Computer Supported Cooperative Work Companion (CSCW)},
 year = {2013},
 isbn = {978-1-4503-1332-2},
 location = {San Antonio, Texas, USA},
 pages = {315--320},
 numpages = {6}
} 


@article{mohamed2012information,
  title={Information privacy concerns, antecedents and privacy measure use in social networking sites: Evidence from Malaysia},
  author={Mohamed, Norshidah and Ahmad, Ili Hawa},
  journal={Computers in Human Behavior},
  volume={28},
  number={6},
  pages={2366--2375},
  year={2012},
  publisher={Elsevier}
}

@article{agir2014user,
  title={User-side adaptive protection of location privacy in participatory sensing},
  author={Agir, Berker and Papaioannou, Thanasis G and Narendula, Rammohan and Aberer, Karl and Hubaux, Jean-Pierre},
  journal={GeoInformatica},
  volume={18},
  number={1},
  pages={165--191},
  year={2014},
  publisher={Springer}
}

@book{bond2013applying,
  title={Applying the Rasch model: Fundamental measurement in the human sciences},
  author={Bond, Trevor G and Fox, Christine M},
  year={2013},
  publisher={Psychology Press}
}


@article{warren1890right,
  title={The right to privacy},
  author={Warren, Samuel D and Brandeis, Louis D},
  journal={Harvard law review},
  volume={4},
  number={5},
  pages={193--220},
  year={1890},
  publisher={JSTOR}
}

@article{westin1968privacy,
  title={Privacy and freedom},
  author={Westin, Alan F},
  journal={Washington and Lee Law Review},
  volume={25},
  number={1},
  pages={166},
  year={1968}
}

@inproceedings{mun2009peir,
  title={PEIR, the personal environmental impact report, as a platform for participatory sensing systems research},
  author={Mun, Min and Reddy, Sasank and Shilton, Katie and Yau, Nathan and Burke, Jeff and Estrin, Deborah and Hansen, Mark and Howard, Eric and West, Ruth and Boda, P{\'e}ter},
  booktitle={Proceedings of the 7th international conference on Mobile systems, applications, and services},
  pages={55--68},
  year={2009},
  organization={ACM}
}



@article{christin2011survey,
  title={A survey on privacy in mobile participatory sensing applications},
  author={Christin, Delphine and Reinhardt, Andreas and Kanhere, Salil S and Hollick, Matthias},
  journal={Journal of Systems and Software},
  volume={84},
  number={11},
  pages={1928--1946},
  year={2011},
  publisher={Elsevier}
}

@article{cristofaro2013participatory,
  title={Participatory privacy: Enabling privacy in participatory sensing},
  author={Cristofaro, Emiliano De and Soriente, Claudio},
  journal={Network, IEEE},
  volume={27},
  number={1},
  pages={32--36},
  year={2013},
  publisher={IEEE}
}

@inproceedings{kazemi2011towards,
  title={Towards preserving privacy in participatory sensing},
  author={Kazemi, Leyla and Shahabi, Cyrus},
  booktitle={Pervasive Computing and Communications Workshops (PERCOM Workshops), 2011 IEEE International Conference on},
  pages={328--331},
  year={2011},
  organization={IEEE}
}

@inproceedings{zhou2012long,
  title={How long to wait?: predicting bus arrival time with mobile phone based participatory sensing},
  author={Zhou, Pengfei and Zheng, Yuanqing and Li, Mo},
  booktitle={Proceedings of the 10th international conference on Mobile systems, applications, and services},
  pages={379--392},
  year={2012},
  organization={ACM}
}

@article{d2013participatory,
  title={Participatory noise mapping works! An evaluation of participatory sensing as an alternative to standard techniques for environmental monitoring},
  author={Dâ€™Hondt, Ellie and Stevens, Matthias and Jacobs, An},
  journal={Pervasive and Mobile Computing},
  volume={9},
  number={5},
  pages={681--694},
  year={2013},
  publisher={Elsevier}
}

